Das Standardwerk
@book{StandardBelle,
  author = {Alfred Bellebaum{\c{s}}u},
  title = {Langeweile, Überdruß und Lebenssinn. Eine geistesgeschichtliche und kultursoziologische Untersuchung.},
  year = {1990},
 edition = {1. Auflage},
  publisher = {Westdeutscher Verlag}
}

Beitrag in einem Sammlungsband
@incollection{ThGo,
  author = {Thomas Goetz},
  title = {Was Schuelerinnen und Schueler bei der „Windstille der Seele“ (nicht) tun. In: Unterrichtswissenschaft },
  booktitle = {Regulation von Langeweile im Unterricht. },
  editor = {Peter Pansky},
  pages = {312--333},
  publisher = {GELDGELDGELD GmbH},
  year = {2007}
}



Expose vom Kruemmelmonster
@inproceedings{KrMol,
  author = {Kruemmelmonster},
  title = {Regular KEKSE},
  booktitle = {Warum gibt es so wenige Konferenzen zum Thema Langeweile, ein Lebenswerk.},
  pages = {1337--8888},
  year = 2004,
  editor = {E. Ernie and B. Bert},
  volume = 1337,
  publisher = {Wegelagerer Verlag Inc.},
  series = {Gewinne aus staatlich finanzierter Forschung.}
}

